<?xml version="1.0" encoding="UTF-8"?><collection xmlns="http://www.loc.gov/MARC21/slim"><record><leader>00453nam--2200133-i-4500</leader><controlfield tag="001">000013396</controlfield><controlfield tag="002">20161230</controlfield><controlfield tag="005">20161230201030</controlfield><controlfield tag="008">060222s1000------------r-----000-0-eng-d</controlfield><datafield ind1=" " ind2=" " tag="245"><subfield code="a">Relativity, quanta and cosmology in the development of the scientific thought of albert einstein, 1879-1979. director mario pantaleo,</subfield></datafield><datafield ind1=" " ind2=" " tag="260"><subfield code="a">New York, Johnson Reprint Corp., 1979</subfield></datafield><datafield ind1=" " ind2=" " tag="490"><subfield code="a">Xi+402p</subfield></datafield><datafield ind1=" " ind2=" " tag="700"><subfield code="a">De Finis, Francesco</subfield></datafield><datafield ind1=" " ind2=" " tag="852"><subfield code="a">530.1:530.12:524.8(091)</subfield></datafield></record></collection>